<record><leader>00000cas a2200000Ia 4500</leader><controlfield tag="001">33669925</controlfield><controlfield tag="008">951122d19951996miuwr n       0   a0eng d</controlfield><datafield ind1=" " ind2=" " tag="010"><subfield code="a">sn2001061663</subfield></datafield><datafield ind1=" " ind2=" " tag="040"><subfield code="a">EZN</subfield><subfield code="b">eng</subfield><subfield code="c">EZN</subfield><subfield code="d">MHN</subfield><subfield code="d">OCLCQ</subfield><subfield code="d">OCLCO</subfield></datafield><datafield ind1=" " ind2=" " tag="043"><subfield code="a">n-us-mi</subfield></datafield><datafield ind1=" " ind2=" " tag="090"><subfield code="a">AN2</subfield><subfield code="b">.U66</subfield></datafield><datafield ind1="0" ind2="0" tag="245"><subfield code="a">Upper Peninsula post.</subfield></datafield><datafield ind1="1" ind2="3" tag="246"><subfield code="a">U.P. post</subfield></datafield><datafield ind1=" " ind2=" " tag="260"><subfield code="a">Houghton, MI :</subfield><subfield code="b">Upper Peninsula Post,</subfield><subfield code="c">1995-1996.</subfield></datafield><datafield ind1=" " ind2=" " tag="300"><subfield code="a">1 v. :</subfield><subfield code="b">ill. (some col.) ;</subfield><subfield code="c">58 cm.</subfield></datafield><datafield ind1=" " ind2=" " tag="310"><subfield code="a">Weekly</subfield></datafield><datafield ind1="0" ind2=" " tag="362"><subfield code="a">Vol. 1, issue 1 (week of July 16, 1995)-v. 1, issue 36 (week of Mar. 24, 1996).</subfield></datafield><datafield ind1=" " ind2=" " tag="588"><subfield code="a">Description based on: V. 1, issue 15 (week of Oct. 29, 1995).</subfield></datafield><datafield ind1=" " ind2="0" tag="651"><subfield code="a">Upper Peninsula (Mich.)</subfield><subfield code="v">Newspapers.</subfield></datafield><datafield ind1=" " ind2="0" tag="651"><subfield code="a">Houghton (Mich.)</subfield><subfield code="v">Newspapers.</subfield></datafield><datafield ind1=" " ind2="0" tag="651"><subfield code="a">Houghton County (Mich.)</subfield><subfield code="v">Newspapers.</subfield></datafield><datafield ind1=" " ind2=" " tag="752"><subfield code="a">United States</subfield><subfield code="b">Michigan</subfield><subfield code="c">Houghton</subfield><subfield code="d">Houghton.</subfield></datafield></record>